<collection xmlns="http://www.loc.gov/MARC21/slim">
<record>
  <leader>01009nam0a2200229 i 450 </leader>
  <controlfield tag="001">IT\ICCU\CNCE\018611</controlfield>
  <controlfield tag="005">20120529000000.0</controlfield>
  <datafield tag="012" ind1=" " ind2=" ">
    <subfield code="a">iaia dote dote dote (C) 1512 (Q)</subfield>
    <subfield code="2">fei</subfield>
  </datafield>
  <datafield tag="100" ind1=" " ind2=" ">
    <subfield code="a">19970101f1512        0itac0103    ba</subfield>
  </datafield>
  <datafield tag="101" ind1=" " ind2=" ">
    <subfield code="a">ITA</subfield>
  </datafield>
  <datafield tag="102" ind1=" " ind2=" ">
    <subfield code="a">IT</subfield>
  </datafield>
  <datafield tag="200" ind1="1" ind2=" ">
    <subfield code="a">℗El ℗fatto darme fatto a Rauenna nel MDXII adi XI de aprile</subfield>
  </datafield>
  <datafield tag="210" ind1=" " ind2=" ">
    <subfield code="d">\non prima del 1512!</subfield>
  </datafield>
  <datafield tag="215" ind1=" " ind2=" ">
    <subfield code="a">\4! c.</subfield>
    <subfield code="d">4ʻ</subfield>
  </datafield>
  <datafield tag="300" ind1=" " ind2=" ">
    <subfield code="a">Edizione in carattere romano; esiste altra edizione in carattere gotico. - L&apos;autore si ricava dall&apos;explicit.  - La data si ricava dal testo</subfield>
  </datafield>
  <datafield tag="700" ind1=" " ind2="0">
    <subfield code="a">Perossino</subfield>
    <subfield code="c"> : dalla#Rotonda</subfield>
    <subfield code="3">IT\ICCU\CNCA\016512</subfield>
  </datafield>
  <datafield tag="712" ind1="0" ind2="2">
    <subfield code="a">s.n.</subfield>
    <subfield code="3">IT\ICCU\CNCT\000002</subfield>
    <subfield code="4">650</subfield>
  </datafield>
  <datafield tag="790" ind1=" " ind2="0">
    <subfield code="a">Perugino</subfield>
    <subfield code="c"> : della#Ritonda</subfield>
    <subfield code="3">IT\ICCU\CNCA\016513</subfield>
    <subfield code="z">Perossino : dalla#Rotonda</subfield>
  </datafield>
  <datafield tag="790" ind1=" " ind2="0">
    <subfield code="a">Perusino</subfield>
    <subfield code="c"> : della#Rotunda</subfield>
    <subfield code="3">IT\ICCU\CNCA\016515</subfield>
    <subfield code="z">Perossino : dalla#Rotonda</subfield>
  </datafield>
  <datafield tag="790" ind1=" " ind2="0">
    <subfield code="a">Perosino</subfield>
    <subfield code="c"> : della#Rotonda</subfield>
    <subfield code="3">IT\ICCU\CNCA\016516</subfield>
    <subfield code="z">Perossino : dalla#Rotonda</subfield>
  </datafield>
  <datafield tag="801" ind1=" " ind2="3">
    <subfield code="a">IT</subfield>
    <subfield code="b">ICCU</subfield>
    <subfield code="c">20201114</subfield>
  </datafield>
  <datafield tag="899" ind1=" " ind2=" ">
    <subfield code="a">Biblioteca Angelica. Roma</subfield>
    <subfield code="1">RM0290</subfield>
    <subfield code="2">RML 06</subfield>
  </datafield>
</record>
</collection>
